02RETORNO01COBRANCA       12340000001230      Sua Empresa                   004B.DO NORDESTE  18031501600BPI00003      000000                                                                                                                                                                                                                                                                             000001
1029723160800016920210000056911                               000000160000000000                           I51180325          00000016            30032500000000300000040217 010000000000260000000000000000000000000000000000000000000000000000000000000000000000000017500000000000000000000000000000000011100000000000000000000000000000000000000000000000000000000                                      000002
9201004          000000000000000002800000000003                                                                                                                                                                                                                                                                                                                                                           000003
